<?xml version="1.0" encoding="UTF-8"?>
<record xmlns="http://www.loc.gov/MARC21/slim" xmlns:xsi="http://www.w3.org/2001/XMLSchema-instance" xsi:schemaLocation="http://www.loc.gov/MARC21/slim http://www.loc.gov/standards/marcxml/schema/MARC21slim.xsd">
<leader>00000cam a22      i 4500</leader>
<controlfield tag="001">001677384</controlfield>
<controlfield tag="003">NNU</controlfield>
<controlfield tag="005">20150318172257.0</controlfield>
<controlfield tag="008">820728s1968    iq       b    000 0barar</controlfield>
<datafield tag="010" ind1=" " ind2=" ">
<subfield code="a">   70261011</subfield>
</datafield>
<datafield tag="035" ind1=" " ind2=" ">
<subfield code="a">(OCoLC)8638551</subfield>
<subfield code="z">(OCoLC)202364177</subfield>
</datafield>
<datafield tag="040" ind1=" " ind2=" ">
<subfield code="a">DLC</subfield>
<subfield code="b">eng</subfield>
<subfield code="c">TKN</subfield>
<subfield code="d">DLC</subfield>
<subfield code="d">OSU</subfield>
<subfield code="d">OCLCQ</subfield>
<subfield code="d">OCLCF</subfield>
<subfield code="d">NNU</subfield>
</datafield>
<datafield tag="042" ind1=" " ind2=" ">
<subfield code="a">premarc</subfield>
</datafield>
<datafield tag="050" ind1="0" ind2="0">
<subfield code="a">BP80.M88</subfield>
<subfield code="b">A67</subfield>
</datafield>
<datafield tag="100" ind1="1" ind2=" ">
<subfield code="a">Ali, Abbas</subfield>
<subfield code="6">880-01</subfield>
</datafield>
<datafield tag="245" ind1="1" ind2="3">
<subfield code="6">880-02</subfield>
<subfield code="a">al-Imām Sharaf al-Dīn ḥuzmat ḍawʼ ʻalā ṭarīq al-fikr al-imāmī,</subfield>
<subfield code="b">dirāsah wāʻiyah tatanā-wal al-jānib al-fikrī fī ḥayāt al-Imām al-Sayyid ʻAbd al-Ḥusayn Sharaf al-Dīn, al-rajul alladhī jaddada uṭur mafāhīm wa-waḍaʻa nuqāṭ ʻalā ḥurūf wa-sāham fī ījād manākh mulāʼim li-numuw faʻālīyāt Islāmīyah munfaṭihah ʻalā masraḥ al-fikr</subfield>
<subfield code="c">[taʼlīf] ʻAbbās ʻAlī.</subfield>
</datafield>
<datafield tag="260" ind1=" " ind2=" ">
<subfield code="6">880-03</subfield>
<subfield code="a">al-Najaf :</subfield>
<subfield code="b">Maṭbaʻat al-Nuʻmān,</subfield>
<subfield code="c">1968.</subfield>
</datafield>
<datafield tag="300" ind1=" " ind2=" ">
<subfield code="a">200 pages ;</subfield>
<subfield code="c">25 cm</subfield>
</datafield>
<datafield tag="336" ind1=" " ind2=" ">
<subfield code="a">text</subfield>
<subfield code="b">txt</subfield>
<subfield code="2">rdacontent</subfield>
</datafield>
<datafield tag="337" ind1=" " ind2=" ">
<subfield code="a">unmediated</subfield>
<subfield code="b">n</subfield>
<subfield code="2">rdamedia</subfield>
</datafield>
<datafield tag="338" ind1=" " ind2=" ">
<subfield code="a">volume</subfield>
<subfield code="b">nc</subfield>
<subfield code="2">rdacarrier</subfield>
</datafield>
<datafield tag="504" ind1=" " ind2=" ">
<subfield code="a">Includes bibliographical references (pages 199-200).</subfield>
</datafield>
<datafield tag="530" ind1=" " ind2=" ">
<subfield code="a">Also issued online.</subfield>
</datafield>
<datafield tag="600" ind1="1" ind2="0">
<subfield code="6">880-04</subfield>
<subfield code="a">Sharaf al-Dīn, ʻAbd al-Ḥusayn.</subfield>
</datafield>
<datafield tag="600" ind1="1" ind2="7">
<subfield code="a">Sharaf al-Dīn, ʻAbd al-Ḥusayn.</subfield>
<subfield code="2">fast</subfield>
<subfield code="0">(OCoLC)fst00049929</subfield>
</datafield>
<datafield tag="776" ind1="0" ind2="8">
<subfield code="i">Online version:</subfield>
<subfield code="a">ʻAlī, ʻAbbās.</subfield>
<subfield code="t">Imām Sharaf al-Dīn ḥuzmat ḍawʼ ʻalā ṭarīq al-fikr al-imāmī.</subfield>
<subfield code="d">al-Najaf, Maṭbaʻat al-Nuʻmān, 1968</subfield>
<subfield code="w">(OCoLC)644121957</subfield>
</datafield>
<datafield tag="880" ind1="1" ind2=" ">
<subfield code="6">100-01/</subfield>
<subfield code="a">علي، عباس.</subfield>
</datafield>
<datafield tag="880" ind1="1" ind2="2">
<subfield code="6">245-02/</subfield>
<subfield code="a">الامام شرف الدين حزمة ضوء على طريق الفكر الامامي :</subfield>
<subfield code="b">دراسة واعية تتناول الجانب الفكري في حياة الامام السيد عبد الحسين شرف الدين، الرجل الذي جدد اطر مفاهيم ووضع نقاطا على حروف وساهم في ايجاد مناخ ملائم لنمو فعاليات اسلامية منفتحة على مسرح الفكر /</subfield>
<subfield code="c">[تأليف] عباس علي.</subfield>
</datafield>
<datafield tag="880" ind1=" " ind2=" ">
<subfield code="6">260-03/</subfield>
<subfield code="a">النجف :</subfield>
<subfield code="b">مطبعة النعمان،</subfield>
<subfield code="c">1968.</subfield>
</datafield>
<datafield tag="880" ind1="1" ind2="4">
<subfield code="6">600-04/</subfield>
<subfield code="a">الموسوي، عبد الحسين بن شرف الدين.</subfield>
</datafield>
<datafield tag="OWN" ind1=" " ind2=" ">
<subfield code="a">GENERAL</subfield>
</datafield>
<datafield tag="AVA" ind1=" " ind2=" ">
<subfield code="a">NYU50</subfield>
<subfield code="b">BOBST</subfield>
<subfield code="c">Main Collection</subfield>
<subfield code="d">BP80.M88 A67</subfield>
<subfield code="e">unavailable</subfield>
<subfield code="t">Unavailable</subfield>
<subfield code="f">1</subfield>
<subfield code="g">1</subfield>
<subfield code="h">N</subfield>
<subfield code="i">0</subfield>
<subfield code="j">MAIN</subfield>
<subfield code="k">0</subfield>
</datafield>
</record>
